@article {MR2506760,
    AUTHOR = {Albin, Pierre and Rochon, Fr{\'e}d{\'e}ric},
     TITLE = {A local families index formula for
              {$\overline\partial$}-operators on punctured {R}iemann
              surfaces},
   JOURNAL = {Comm. Math. Phys.},
  FJOURNAL = {Communications in Mathematical Physics},
    VOLUME = {289},
      YEAR = {2009},
    NUMBER = {2},
     PAGES = {483--527}
}
		
@article {AlbDis2,
    AUTHOR = {Albin, Pierre},
     TITLE = {Renormalizing curvature integrals on {P}oincar\'e-{E}instein
              manifolds},
   JOURNAL = {Adv. Math.},
  FJOURNAL = {Advances in Mathematics},
    VOLUME = {221},
      YEAR = {2009},
    NUMBER = {1},
     PAGES = {140--169}
}
		
@article {AlbDis1,
    AUTHOR = {Albin, Pierre},
     TITLE = {A renormalized index theorem for some complete asymptotically
              regular metrics: the {G}auss-{B}onnet theorem},
   JOURNAL = {Adv. Math.},
  FJOURNAL = {Advances in Mathematics},
    VOLUME = {213},
      YEAR = {2007},
    NUMBER = {1},
     PAGES = {1--52}
       }
@article{AAR,
author = {Albin, Pierre and Aldana, Clara L. and Rochon, Fr{\'e}d{\'e}ric},
title = "{Ricci Flow and the Determinant of the Laplacian on Non-Compact Surfaces}",
journal = {Communications in Partial Differential Equations},
volume = {38},
number = {4},
pages = {711-749},
year = {2013},
doi = {10.1080/03605302.2012.721853},
URL = {http://www.tandfonline.com/doi/abs/10.1080/03605302.2012.721853},
eprint = {http://www.tandfonline.com/doi/pdf/10.1080/03605302.2012.721853}
}

@article{Albin2012,
  author   = {Albin, Pierre},
  title    = "{Math 524 - Linear Analysis on Manifolds}",
  journal  = "{Lecture Notes at University of Illinois}",
  year     = {2012}
}
@article{Aldana2013,
year={2013},
issn={0232-704X},
journal={Annals of Global Analysis and Geometry},
doi={10.1007/s10455-012-9362-9},
title="{Asymptotics of relative heat traces and determinants on open surfaces of finite area}",
url={http://dx.doi.org/10.1007/s10455-012-9362-9},
publisher={Springer Netherlands},
keywords={Surfaces with asymptotically cusp ends; Heat kernels; Asymptotic expansion of heat traces; Relative determinants},
author={Aldana, Clara L.},
pages={1-48}
}
@book{Bor07,
  title="{Spectral Theory of Infinite-Area Hyperbolic Surfaces}",
  author = {Borthwick, David},
  isbn = {9780817646530},
  lccn = {2007932363},
  series = {Progress in Mathematics Series},
  publisher = {Birkh√§user Verlag AG},
  year = {2007}
}
@book{ChowH,
  title="{Hamilton's Ricci flow}",
  author={Chow, Bennet and Lu, Peng and Ni, Lei},
  isbn={9780821842317},
  lccn={2006043027},
  series={Graduate Studies in Mathematics Series},
  url={http://books.google.de/books?id=T1K5fHoRalYC},
  year={2006},
  publisher={American Mathematical Society/Science Press}
}
@BOOK{Melrose,
  title = "{{The Atiyah-Patodi-Singer Index Theorem}}",
  publisher = {A K Peters, Wellesley, Massachusetts},
  year = {1993},
  author = {Melrose, Richard B.}
 }
@book {Gilkey84,
    AUTHOR = {Gilkey, Peter B.},
     TITLE = {Invariance theory, the heat equation, and the
              {A}tiyah-{S}inger index theorem},
    SERIES = {Mathematics Lecture Series},
    VOLUME = {11},
 PUBLISHER = {Publish or Perish Inc.},
      YEAR = {1984},
     PAGES = {viii+349}
}
@book{Ros,
  title="{The Laplacian on a Riemannian Manifold}",
  author={Rosenberg, Steven},
  isbn={9780521468312},
  lccn={96044262},
  series={London Mathematical Society Student Texts},
  url={http://books.google.de/books?id=gzJ6Vn0y7XQC},
  year={1997},
  publisher={Cambridge University Press}
}
@article{Graham1999,
archivePrefix = {arXiv},
arxivId = {arXiv:math/9909042v1},
author = {Graham, C. Robin},
eprint = {9909042v1},
file = {:data/Mathematik/Seminar AJ/Literatur/Paper/[Gra99].pdf:pdf},
journal = {arXiv e-prints},
number = {9909042v1},
pages = {1--15},
primaryClass = {arXiv:math},
title = "{{Volume and area renormalizations for conformally compact Einstein metrics}}",
url = {http://arxiv.org/abs/math/9909042},
hvolume = {V},
year = {1999}
}
@book {Branson1993,
    AUTHOR = {Branson, {Thomas P.}},
     TITLE = "{The functional determinant}",
    SERIES = {Lecture Notes Series},
    VOLUME = {4},
 PUBLISHER = {Seoul National University Research Institute of Mathematics
              Global Analysis Research Center},
   ADDRESS = {Seoul},
      YEAR = {1993},
     PAGES = {vi+103}
}

@article{Borthwick2010,
author = {Borthwick, David},
journal = {Analysis \& PDE},
title = {Sharp geometric upper bounds on resonances for surfaces with hyperbolic ends},
volume = {5},
number = {3},
pages = {513-552},
year = {2012}
}
@article{Hawking1977,
author = {Hawking, Stephen W.},
doi = {10.1007/BF01626516},
file = {:data/Mathematik/Seminar AJ/Literatur/functional determinants and regularization/euclid.cmp.1103900982.pdf:pdf},
issn = {0010-3616},
journal = {Communications in Mathematical Physics},
month = jun,
number = {2},
pages = {133--148},
title = {{Zeta function regularization of path integrals in curved spacetime}},
url = {http://www.springerlink.com/index/10.1007/BF01626516},
volume = {55},
year = {1977}
}
@article{Sarnak1987,
author = {Sarnak, Peter},
doi = {10.1007/BF01209019},
file = {:data/Mathematik/Seminar AJ/Literatur/[Sar87].pdf:pdf},
issn = {0010-3616},
journal = {Communications in Mathematical Physics},
month = mar,
number = {1},
pages = {113--120},
title = {{Determinants of Laplacians}},
url = {http://www.springerlink.com/index/10.1007/BF01209019},
volume = {110},
year = {1987}
}
@article{AlbinRochon2013,
author = {Albin, Pierre and Rochon, Fr{\'e}d{\'e}ric},
title = {SOME INDEX FORMULAE ON THE MODULI SPACE OF STABLE PARABOLIC VECTOR BUNDLES},
journal = {Journal of the Australian Mathematical Society},
volume = {FirstView},
month = {1},
year = {2013},
issn = {1446-8107},
pages = {1--37},
numpages = {37},
doi = {10.1017/S144678871200047X},
URL = {http://journals.cambridge.org/article_S144678871200047X},
}
@article{Gursky2012,
author="Gursky, Matthew and Malchiodi, Andrea",
title="{Non-uniqueness results for critical metrics of regularized determinants
    in four dimensions}",
language="English",
journal="Commun. Math. Phys. ",
volume="315",
number="1",
pages="1-37",
year="2012"
}
@article{Chang2005,
author = {Chang, Sun-Yung A.},
doi = {10.1090/S0273-0979-05-01058-X},
file = {:data/Mathematik/Seminar AJ/Literatur/[Cha05].pdf:pdf},
issn = {0273-0979},
journal = {Bulletin of the American Mathematical Society},
month = apr,
number = {03},
pages = {365--394},
title = "{Conformal invariants and partial differential equations}",
url = {http://www.ams.org/journal-getitem?pii=S0273-0979-05-01058-X},
volume = {42},
year = {2005}
}
@article{DHoker1986,
author = {D'Hoker, Eric and Phong, Duong H.},
doi = {10.1007/BF01211063},
file = {:data/Mathematik/Seminar AJ/Literatur/[HP86].pdf:pdf},
issn = {0010-3616},
journal = {Communications in Mathematical Physics},
month = dec,
number = {4},
pages = {537--545},
title = "{On determinants of Laplacians on Riemann surfaces}",
url = {http://www.springerlink.com/index/10.1007/BF01211063},
volume = {104},
year = {1986}
}
@article {MR1978883,
    AUTHOR = {Borthwick, David and Judge, Chris and Perry, Peter A.},
     TITLE = {Determinants of {L}aplacians and isopolar metrics on surfaces
              of infinite area},
   JOURNAL = {Duke Math. J.},
  FJOURNAL = {Duke Mathematical Journal},
    VOLUME = {118},
      YEAR = {2003},
    NUMBER = {1},
     PAGES = {61--102}
}
@article{Paycha2003,
author = {Paycha, Sylvie},
file = {:data/Mathematik/Seminar AJ/Literatur/[Pay1].pdf:pdf},
journal = {Emmy N\"{o}ther Lectures, G\"{o}ttingen},
pages = {1--63},
title = "{From heat-operators to anomalies; a walk through various regularization techniques in mathematics and physics}",
url = {http://mathinfo.univ-bpclermont.fr/~paycha/articles/Goettingenlectures.ps},
year = {2003}
}
@article{Osgood1988,
author = {Osgood, Brad and Phillips, Ralph and Sarnak, Peter},
file = {:data/Mathematik/Seminar AJ/Literatur/Paper/[OPS87].pdf:pdf},
journal = {J. Funct. Anal},
pages = {148--211},
title = "{{Extremals of Determinants of Laplacians}}",
url = {http://www-ee.stanford.edu/~osgood/papers/extremals1988.pdf},
volume = {211},
year = {1988}
}

@article {Graham1992,
    AUTHOR = {Graham, C. Robin and Jenne, Ralph and Mason, Lionel J. and
              Sparling, George A. J.},
     TITLE = "{Conformally invariant powers of the {L}aplacian. {I}.
              {E}xistence}",
   JOURNAL = {J. London Math. Soc. (2)},
  FJOURNAL = {Journal of the London Mathematical Society. Second Series},
    VOLUME = {46},
      YEAR = {1992},
    NUMBER = {3},
     PAGES = {557--565}
}

@article {Alvarez1983,
    AUTHOR = {Alvarez, Orlando},
     TITLE = {Theory of strings with boundaries: fluctuations, topology and
              quantum geometry},
   JOURNAL = {Nuclear Phys. B},
  FJOURNAL = {Nuclear Physics. B},
    VOLUME = {216},
      YEAR = {1983},
    NUMBER = {1},
     PAGES = {125--184}
}
@article{Branson1991,
author = {{Branson}, {Thomas P.} and {{\O}rsted}, {Bent}},
file = {:data/Mathematik/Seminar AJ/Literatur/Paper/[BO91].pdf:pdf},
journal = {Proceedings of the American Mathematical Society},
number = {3},
title = {{Explicit functional determinants in four dimensions}},
url = {http://www.jstor.org/stable/10.2307/2048601},
volume = {113},
year = {1991}
}
@article{Branson2007,
author = {Branson, {Thomas P.}},
      title        = "Q-Curvature, Spectral Invariants, and Representation
                      Theory",
      journal      = "Symmetry Integrability Geom. Methods Appl.",
      volume       = "3",
      pages        = "090",
      month        = "Sep",
      year         = "2007",
}
@article{RaySinger1971,
  author   = {{Ray}, {D.B}. and Singer, {Isadore M.}},
  doi      = {10.1016/0001-8708(71)90045-4},
  format   = {print},
  journal  = {Adv. Math.},
  keywords = {Differential geometry, Topology, Topological invariants, Ray-Singer torsion},
  pages    = {145--210},
  title    = "{R-torsion and the Laplacian on Riemannian manifolds}",
  volume   = {7},
  year     = {1971}
}

@ARTICLE{Polyakov1981,
   author = {{Polyakov}, Alexander M.},
    title = "{Quantum geometry of bosonic strings}",
  journal = {Physics Letters B},
     year = 1981,
    month = jul,
   volume = 103,
    pages = {207-210},
      doi = {10.1016/0370-2693(81)90743-7},
   adsurl = {http://adsabs.harvard.edu/abs/1981PhLB..103..207P},
  adsnote = {Provided by the SAO/NASA Astrophysics Data System}
}
@article{Dunne2009,
  author   = {Dunne, Gerald},
  title    = "{Functional Determinants in Quantum Field Theory}",
  journal  = {Lecture notes at the 14th WE Heraeus Saalburg summer school in Wolfersdorf, Thuringia},
  year     = {2009}
}

@book{Chavel1984,
  title="{Eigenvalues in Riemannian Geometry}",
  author={Chavel, Isaac},
  isbn={9780080874340},
  series={Pure and Applied Mathematics},
  url={http://books.google.de/books?id=0v1VfTWuKGgC},
  year={1984},
  publisher={Elsevier Science}
}

@article{Flajolet1995,
    author      = {Flajolet, P. and Gourdon, X. and Dumas, P.},
    title       = "{Mellin Transforms and Asymptotics : Harmonic Sums}",
    journal     = {Theoretical Computer Science},
    number      = {1‚Äì2},
    year        = {1995},
    volume      = {144},
    pages       = {3‚Äì58},
    url         = {http://www-rocq.inria.fr/algo/flajolet/Publications/mellin-harm.ps.gz},
}
@article{MP,
    author = {Minakshisundaram, Subbaramiah and Pleijel, √Öke},
    journal = {Canadian Journal of Mathematics},
    month = jan,
    pages = {242--256},
    title = "{Some properties of the eigenfunctions of the Laplace operator on Riemannian manifolds}",
    volume = {1},
    year = {1949}
}
		
@book {AJ2009,
    AUTHOR = {Juhl, Andreas},
     TITLE = "{Families of conformally covariant differential operators,
              {$Q$}-curvature and holography}",
    SERIES = {Progress in Mathematics},
    VOLUME = {275},
 PUBLISHER = {Birkh\"auser Verlag},
   ADDRESS = {Basel},
      YEAR = {2009},
     PAGES = {xiv+488}
}

@article {Mazzeo,
    AUTHOR = {Mazzeo, Rafe},
     TITLE = "{Elliptic theory of differential edge operators. {I}}",
   JOURNAL = {Comm. Partial Differential Equations},
  FJOURNAL = {Communications in Partial Differential Equations},
    VOLUME = {16},
      YEAR = {1991},
    NUMBER = {10},
     PAGES = {1615--1664}
}
@article{Chang1997,
  author   = {Chang, Sun-Yung A.},
  title    = "{On Zeta functional determinant}",
  journal  = {CRM Proceedings and Lecture notes: Partial differential equations and their applications},
  volume   = {12},
  year     = {1997}
}
@article{Branson1986,
  author   = {{Branson}, {Thomas P.} and {{\O}rsted}, {Bent}},
  title    = {Conformal indices of {R}iemannian manifolds},
  journal  = {Compositio Mathematica},
  year     = {1986},
  volume   = {60},
  pages    = {261-293}
}

@article{Gra12,
    author = {{Graham}, C. Robin and {Kantor}, Joshua M.},
    title = "{Normal Form for Edge Metrics}",
    journal = {arXiv e-prints},
    archivePrefix = "arXiv",
    number       = "arXiv:1207.1343",
    eprint = {1207.1343},
    primaryClass = "math.AP",
    year = {2012}
}

    
    
@book{Djadli2008,
	author = {Djadli, Zindine and Guillarmou, Colin and Herzlich, Marc},
	series = "Panoramas et synth√®ses",
	title = "Op√©rateurs g√©om√©triques, invariants conformes et vari√©t√©s asymptotiquement hyperboliques",
	publisher = "Soci√©t√© Math√©matique de France",
	year = "2008"
}

@book{Jost2011,
  title="{Riemannian geometry and geometric analysis}",
  author={Jost, J√ºrgen},
  isbn={9783540773412},
  lccn={2008921366},
  series={Universitext (En ligne)},
  url={http://books.google.de/books?id=Z02dYgJAljsC},
  year={2008},
  publisher={Springer-Verlag Berlin Heidelberg}
}


@article {MR2017528,
    AUTHOR = {Vassilevich, Dmitri V.},
     TITLE = {Heat kernel expansion: user's manual},
   JOURNAL = {Phys. Rep.},
  FJOURNAL = {Physics Reports. A Review Section of Physics Letters},
    VOLUME = {388},
      YEAR = {2003},
    NUMBER = {5-6},
     PAGES = {279--360}
}

@book{Taylor2010,
  title="{Partial Differential Equations I: Basic Theory}",
  author={Taylor, Michael E.},
  isbn={9781441970541},
  lccn={2010937758},
  series={Applied Mathematical Sciences},
  url={http://books.google.de/books?id=5P5EaCiE7\_UC},
  year={2010},
  publisher={Springer}
}


@article {MR2336463,
    AUTHOR = {Yang, Paul C.-P. and Qing, Jie and Chang, Sun-Yung A.},
     TITLE = "{Renormalized volumes for conformally compact {E}instein
              manifolds}",
   JOURNAL = {Sovrem. Mat. Fundam. Napravl.},
  FJOURNAL = {Sovremennaya Matematika. Fundamental\cprime nye Napravleniya},
    VOLUME = {17},
      YEAR = {2006}
}


